# sample entry
@inproceedings{how-hard-can-it-be,
 author = {Raiciu, Costin and Paasch, Christoph and Barre, Sebastien and Ford, Alan and Honda, Michio and Duchene, Fabien and Bonaventure, Olivier and Handley, Mark},
 title = {How Hard Can It Be? Designing and Implementing a Deployable Multipath TCP},
 booktitle = {Proceedings of the 9th USENIX Conference on Networked Systems Design and Implementation},
 series = {NSDI'12},
 year = {2012},
 location = {San Jose, CA},
 pages = {29--29},
 numpages = {1},
 url = {http://dl.acm.org/citation.cfm?id=2228298.2228338},
 acmid = {2228338},
 publisher = {USENIX Association},
 address = {Berkeley, CA, USA},
}

# sample URL
@misc{openvz,
	howpublished = {{http://wiki.openvz.org/}},
	title = {{OpenVZ}}
}

% temporary bib item; useful for marking down future citations
@misc{TODO,
	title = {{TODO}}
}
