@inproceedings{in-datacenters,
 author = {Raiciu, Costin and Barre, Sebastien and Pluntke, Christopher and Greenhalgh, Adam and Wischik, Damon and Handley, Mark},
 title = {{Improving Datacenter Performance and Robustness with Multipath TCP}},
 booktitle = {Proceedings of the ACM SIGCOMM 2011 Conference},
 series = {SIGCOMM '11},
 year = {2011},
 isbn = {978-1-4503-0797-0},
 location = {Toronto, Ontario, Canada},
 pages = {266--277},
 numpages = {12},
 url = {http://doi.acm.org/10.1145/2018436.2018467},
 doi = {10.1145/2018436.2018467},
 acmid = {2018467},
 publisher = {ACM},
 address = {New York, NY, USA},
 keywords = {data center, mptcp},
}

@inproceedings{olia,
  title={{MPTCP is not pareto-optimal: performance issues and a possible solution}},
  author={Khalili, Ramin and Gast, Nicolas and Popovic, Miroslav and Upadhyay, Utkarsh and Le Boudec, Jean-Yves},
  booktitle={Proceedings of the 8th international conference on Emerging networking experiments and technologies},
  pages={1--12},
  year={2012},
  organization={ACM}
}

@inproceedings{how-hard-can-it-be,
 author = {Raiciu, Costin and Paasch, Christoph and Barre, Sebastien and Ford, Alan and Honda, Michio and Duchene, Fabien and Bonaventure, Olivier and Handley, Mark},
 title = {{How Hard Can It Be? Designing and Implementing a Deployable Multipath TCP}},
 booktitle = {Proceedings of the 9th USENIX Conference on Networked Systems Design and Implementation},
 series = {NSDI'12},
 year = {2012},
 location = {San Jose, CA},
 pages = {29--29},
 numpages = {1},
 url = {http://dl.acm.org/citation.cfm?id=2228298.2228338},
 acmid = {2228338},
 publisher = {USENIX Association},
 address = {Berkeley, CA, USA},
}

@inproceedings{latencies,
 author = {Sommers, Joel and Barford, Paul},
 title = {Cell vs. WiFi: On the Performance of Metro Area Mobile Connections},
 booktitle = {Proceedings of the 2012 ACM Conference on Internet Measurement Conference},
 series = {IMC '12},
 year = {2012},
 isbn = {978-1-4503-1705-4},
 location = {Boston, Massachusetts, USA},
 pages = {301--314},
 numpages = {14},
 url = {http://doi.acm.org/10.1145/2398776.2398808},
 doi = {10.1145/2398776.2398808},
 acmid = {2398808},
 publisher = {ACM},
 address = {New York, NY, USA},
 keywords = {WiFi, cellular},
} 

@techreport{sem1,
 author = {Petria, Silviu and Popescu, Silviu},
 title = {{A Behavioral Analysis of Multipath TCP Traffic}},
 institution = {Faculty of Automatic Control and Computers, University POLITEHNICA of Bucharest},
 address = {Splaiul Independenței 313, Bucharest, Romania, 060042},
 month = {February},
 year = {2014}
}

@techreport{sem2,
 author = {Petria, Silviu and Popescu, Silviu},
 title = {{Improving OpenVPN Performance Using Multipath Link Aggregation}},
 institution = {Faculty of Automatic Control and Computers, University POLITEHNICA of Bucharest},
 address = {Splaiul Independenței 313, Bucharest, Romania, 060042},
 month = {June},
 year = {2014}
}

@inproceedings{wvegas,
 author = {Yu Cao and Mingwei Xu and Xiaoming Fu},
 title = {Delay-based Congestion Control for Multipath TCP},
 booktitle = {Proceedings of the 2012 20th IEEE International Conference on Network Protocols (ICNP)},
 series = {ICNP '12},
 year = {2012},
 isbn = {978-1-4673-2445-8},
 pages = {1--10},
 numpages = {10},
 url = {http://dx.doi.org/10.1109/ICNP.2012.6459978},
 doi = {10.1109/ICNP.2012.6459978},
 acmid = {2472505},
 publisher = {IEEE Computer Society},
 address = {Washington, DC, USA},
 keywords = {Robustness},
} 

# sample URL
@misc{openvz,
	howpublished = {{http://wiki.openvz.org/}},
	title = {{OpenVZ}}
}

% temporary bib item; useful for marking down future citations
@misc{TODO,
	title = {{TODO}}
}
